@INBOOK{Li2014,
	author = {{Li}, Ting and {DePoy}, D.~L. and {Marshall}, Jennifer L. and
	{Nagasawa}, D.~Q. and {Carona}, D.~W. and {Boada}, S.},
	title = "{Monitoring the atmospheric throughput at Cerro Tololo Inter-American Observatory with aTmCam}",
	keywords = {Astrophysics - Instrumentation and Methods for Astrophysics},
	booktitle = {\procspie},
	year = 2014,
	volume = {9147},
	series = {Society of Photo-Optical Instrumentation Engineers (SPIE) Conference Series},
	eid = {91476Z},
	pages = {91476Z},
	doi = {10.1117/12.2055167},
	adsurl = {https://ui.adsabs.harvard.edu/abs/2014SPIE.9147E..6ZL},
	adsnote = {Provided by the SAO/NASA Astrophysics Data System}
}


@ARTICLE{Li2016,
       author = {{Li}, T.~S. and {DePoy}, D.~L. and {Marshall}, J.~L. and {Tucker}, D. and
         {Kessler}, R. and {Annis}, J. and {Bernstein}, G.~M. and {Boada}, S. and
         {Burke}, D.~L. and {Finley}, D.~A. and {James}, D.~J. and {Kent}, S. and
         {Lin}, H. and {Marriner}, J. and {Mondrik}, N. and {Nagasawa}, D. and
         {Rykoff}, E.~S. and {Scolnic}, D. and {Walker}, A.~R. and {Wester}, W. and
         {Abbott}, T.~M.~C. and {Allam}, S. and {Benoit-L{\'e}vy}, A. and
         {Bertin}, E. and {Brooks}, D. and {Capozzi}, D. and
         {Carnero Rosell}, A. and {Carrasco Kind}, M. and {Carretero}, J. and
         {Crocce}, M. and {Cunha}, C.~E. and {D'Andrea}, C.~B. and
         {da Costa}, L.~N. and {Desai}, S. and {Diehl}, H.~T. and {Doel}, P. and
         {Flaugher}, B. and {Fosalba}, P. and {Frieman}, J. and {Gaztanaga}, E. and
         {Goldstein}, D.~A. and {Gruen}, D. and {Gruendl}, R.~A. and
         {Gutierrez}, G. and {Honscheid}, K. and {Kuehn}, K. and
         {Kuropatkin}, N. and {Maia}, M.~A.~G. and {Melchior}, P. and
         {Miller}, C.~J. and {Miquel}, R. and {Mohr}, J.~J. and {Neilsen}, E. and
         {Nichol}, R.~C. and {Nord}, B. and {Ogando}, R. and {Plazas}, A.~A. and
         {Romer}, A.~K. and {Roodman}, A. and {Sako}, M. and {Sanchez}, E. and
         {Scarpine}, V. and {Schubnell}, M. and {Sevilla-Noarbe}, I. and
         {Smith}, R.~C. and {Soares-Santos}, M. and {Sobreira}, F. and
         {Suchyta}, E. and {Tarle}, G. and {Thomas}, D. and {Vikram}, V. and
         {DES Collaboration}},
        title = "{Assessment of Systematic Chromatic Errors that Impact Sub-1\% Photometric Precision in Large-area Sky Surveys}",
      journal = {\aj},
     keywords = {atmospheric effects, methods: observational, surveys, techniques: photometric, Astrophysics - Instrumentation and Methods for Astrophysics},
         year = 2016,
        month = jun,
       volume = {151},
       number = {6},
          eid = {157},
        pages = {157},
          doi = {10.3847/0004-6256/151/6/157},
archivePrefix = {arXiv},
       eprint = {1601.00117},
 primaryClass = {astro-ph.IM},
       adsurl = {https://ui.adsabs.harvard.edu/abs/2016AJ....151..157L},
      adsnote = {Provided by the SAO/NASA Astrophysics Data System}
}

@ARTICLE{2016AJ....151..157L,
	author = {{Li}, T.~S. and {DePoy}, D.~L. and {Marshall}, J.~L. and {Tucker}, D. and
	{Kessler}, R. and {Annis}, J. and {Bernstein}, G.~M. and {Boada}, S. and
	{Burke}, D.~L. and {Finley}, D.~A. and {James}, D.~J. and {Kent}, S. and
	{Lin}, H. and {Marriner}, J. and {Mondrik}, N. and {Nagasawa}, D. and
	{Rykoff}, E.~S. and {Scolnic}, D. and {Walker}, A.~R. and {Wester}, W. and
	{Abbott}, T.~M.~C. and {Allam}, S. and {Benoit-L{\'e}vy}, A. and
	{Bertin}, E. and {Brooks}, D. and {Capozzi}, D. and
	{Carnero Rosell}, A. and {Carrasco Kind}, M. and {Carretero}, J. and
	{Crocce}, M. and {Cunha}, C.~E. and {D'Andrea}, C.~B. and
	{da Costa}, L.~N. and {Desai}, S. and {Diehl}, H.~T. and {Doel}, P. and
	{Flaugher}, B. and {Fosalba}, P. and {Frieman}, J. and {Gaztanaga}, E. and
	{Goldstein}, D.~A. and {Gruen}, D. and {Gruendl}, R.~A. and
	{Gutierrez}, G. and {Honscheid}, K. and {Kuehn}, K. and
	{Kuropatkin}, N. and {Maia}, M.~A.~G. and {Melchior}, P. and
	{Miller}, C.~J. and {Miquel}, R. and {Mohr}, J.~J. and {Neilsen}, E. and
	{Nichol}, R.~C. and {Nord}, B. and {Ogando}, R. and {Plazas}, A.~A. and
	{Romer}, A.~K. and {Roodman}, A. and {Sako}, M. and {Sanchez}, E. and
	{Scarpine}, V. and {Schubnell}, M. and {Sevilla-Noarbe}, I. and
	{Smith}, R.~C. and {Soares-Santos}, M. and {Sobreira}, F. and
	{Suchyta}, E. and {Tarle}, G. and {Thomas}, D. and {Vikram}, V. and
	{DES Collaboration}},
	title = "{Assessment of Systematic Chromatic Errors that Impact Sub-1\% Photometric Precision in Large-area Sky Surveys}",
	journal = {\aj},
	keywords = {atmospheric effects, methods: observational, surveys, techniques: photometric, Astrophysics - Instrumentation and Methods for Astrophysics},
	year = 2016,
	month = jun,
	volume = {151},
	number = {6},
	eid = {157},
	pages = {157},
	doi = {10.3847/0004-6256/151/6/157},
	archivePrefix = {arXiv},
	eprint = {1601.00117},
	primaryClass = {astro-ph.IM},
	adsurl = {https://ui.adsabs.harvard.edu/abs/2016AJ....151..157L},
	adsnote = {Provided by the SAO/NASA Astrophysics Data System}
}

